@incollection{louch2000,
  title = {Personal network integration: transitivity and homophily in strong-tie relations},
  booktitle = {Soc. Networks},
  author = {Louch, H.},
  year = {2000},
  volume = {22},
  pages = {45-64}
}